@inproceedings{jin2018q,
  title={Is {Q}-learning provably efficient?},
  author={Jin, Chi and Allen-Zhu, Zeyuan and Bubeck, Sebastien and Jordan, Michael I},
  booktitle={Proceedings of the 32nd International Conference on Neural Information Processing Systems},
  pages={4868--4878},
  year={2018}
}

@inproceedings{kakade2002approximately,
  title={Approximately optimal approximate reinforcement learning},
  author={Kakade, Sham and Langford, John},
  booktitle={In Proc. 19th International Conference on Machine Learning},
  year={2002},
  organization={Citeseer}
}

@book{sutton2018reinforcement,
  title={Reinforcement learning: An introduction},
  author={Sutton, Richard S and Barto, Andrew G},
  year={2018},
  publisher={MIT press}
}

@inproceedings{cs234,
  title={Model Free Control},
  author={Painter, Michael and Brunskill, Emma},
  booktitle={Reinforcement Learning},
  pages={2--3},
  year={2018},
  organization={Stanford University}
}