@inproceedings{dadashi2019value,
  title={The value function polytope in reinforcement learning},
  author={Dadashi, Robert and Taiga, Adrien Ali and Le Roux, Nicolas and Schuurmans, Dale and Bellemare, Marc G},
  booktitle={International Conference on Machine Learning},
  pages={1486--1495},
  year={2019},
  organization={PMLR}
}

@inproceedings{ie3186,
  title={Approximate Policy Iteration},
  author={Daniel, Jiang and Boyuan, Lai and Ibrahim, El Shar},
  booktitle={Approximate Dynamic Programming},
  pages={2--3},
  year={2018},
  organization={University of Pittsburgh}
}

@book{suttonbarto2018,
author = {Sutton, Richard S. and Barto, Andrew G.},
title = {Reinforcement Learning: An Introduction},
year = {2018},
isbn = {0262039249},
publisher = {A Bradford Book},
address = {Cambridge, MA, USA},
}