@article{hwangbo2019learning,
  title={Learning agile and dynamic motor skills for legged robots},
  author={Hwangbo, Jemin and Lee, Joonho and Dosovitskiy, Alexey and Bellicoso, Dario and Tsounis, Vassilios and Koltun, Vladlen and Hutter, Marco},
  journal={Science Robotics},
  volume={4},
  number={26},
  year={2019},
  publisher={Science Robotics}
}

@article{DBLP:journals/corr/abs-2010-11251,
  author    = {Joonho Lee and
               Jemin Hwangbo and
               Lorenz Wellhausen and
               Vladlen Koltun and
               Marco Hutter},
  title     = {Learning Quadrupedal Locomotion over Challenging Terrain},
  journal   = {CoRR},
  volume    = {abs/2010.11251},
  year      = {2020},
  url       = {https://arxiv.org/abs/2010.11251},
  eprinttype = {arXiv},
  eprint    = {2010.11251},
  timestamp = {Mon, 26 Oct 2020 15:39:44 +0100},
  biburl    = {https://dblp.org/rec/journals/corr/abs-2010-11251.bib},
  bibsource = {dblp computer science bibliography, https://dblp.org}
}

@misc{makoviychuk2021isaac,
      title={Isaac Gym: High Performance GPU-Based Physics Simulation For Robot Learning}, 
      author={Viktor Makoviychuk and Lukasz Wawrzyniak and Yunrong Guo and Michelle Lu and Kier Storey and Miles Macklin and David Hoeller and Nikita Rudin and Arthur Allshire and Ankur Handa and Gavriel State},
      year={2021},
      eprint={2108.10470},
      archivePrefix={arXiv},
      primaryClass={cs.RO}
}

@misc{rudin2021learning,
      title={Learning to Walk in Minutes Using Massively Parallel Deep Reinforcement Learning}, 
      author={Nikita Rudin and David Hoeller and Philipp Reist and Marco Hutter},
      year={2021},
      eprint={2109.11978},
      archivePrefix={arXiv},
      primaryClass={cs.RO}
}

@article{DBLP:journals/corr/abs-2108-06161,
  author    = {Yu'an Chen and
               Ruosong Ye and
               Ziyang Tao and
               Hongjian Liu and
               Guangda Chen and
               Jie Peng and
               Jun Ma and
               Yu Zhang and
               Yanyong Zhang and
               Jianmin Ji},
  title     = {Reinforcement Learning for Robot Navigation with Adaptive ExecutionDuration
               {(AED)} in a Semi-Markov Model},
  journal   = {CoRR},
  volume    = {abs/2108.06161},
  year      = {2021},
  url       = {https://arxiv.org/abs/2108.06161},
  eprinttype = {arXiv},
  eprint    = {2108.06161},
  timestamp = {Wed, 27 Oct 2021 08:57:42 +0200},
  biburl    = {https://dblp.org/rec/journals/corr/abs-2108-06161.bib},
  bibsource = {dblp computer science bibliography, https://dblp.org}
}

@article{DBLP:journals/corr/abs-2005-13857,
  author    = {Hartmut Surmann and
               Christian Jestel and
               Robin Marchel and
               Franziska Musberg and
               Houssem Elhadj and
               Mahbube Ardani},
  title     = {Deep Reinforcement learning for real autonomous mobile robot navigation
               in indoor environments},
  journal   = {CoRR},
  volume    = {abs/2005.13857},
  year      = {2020},
  url       = {https://arxiv.org/abs/2005.13857},
  eprinttype = {arXiv},
  eprint    = {2005.13857},
  timestamp = {Wed, 03 Jun 2020 11:36:54 +0200},
  biburl    = {https://dblp.org/rec/journals/corr/abs-2005-13857.bib},
  bibsource = {dblp computer science bibliography, https://dblp.org}
}

@article{DBLP:journals/corr/abs-1804-10500,
  author    = {Xi Chen and
               Ali Ghadirzadeh and
               John Folkesson and
               Patric Jensfelt},
  title     = {Deep Reinforcement Learning to Acquire Navigation Skills for Wheel-Legged
               Robots in Complex Environments},
  journal   = {CoRR},
  volume    = {abs/1804.10500},
  year      = {2018},
  url       = {http://arxiv.org/abs/1804.10500},
  eprinttype = {arXiv},
  eprint    = {1804.10500},
  timestamp = {Wed, 25 Nov 2020 13:17:37 +0100},
  biburl    = {https://dblp.org/rec/journals/corr/abs-1804-10500.bib},
  bibsource = {dblp computer science bibliography, https://dblp.org}
}